% Notas Imporantes:
% Poner una diagonal investida antes de los siguientes caracteres: #, $, %, ^, &, {, }, ~, [, ], <, >, _
% Caso Particuloar: Diagonal Invertida (\) sustituit por (\textbackslash) y dejar un espacio
% Ver enlace:

@misc{compilers,
    author= "Pierre Geurts",	
    title = "{Compilers}",
    howpublished = "\burl{http://www.montefiore.ulg.ac.be/~geurts/compil.html}",
    note="{{Consultado el \specialdate\today}}" 
}

@book{book-data_structures,
    title = "{Data Structures \& Algorithms in C++}",
    edition = "Second Edition",
    author = "Michael T. Goodrich \& Roberto Tamassia \& David Mount",
    howpublished = "\burl{https://www.pdfdrive.com/data-structures-and-algorithms-in-c-e164501716.html}",
    month = "Febrero", year = "2011", 
    pages = {4-10},
}

@book{sintax_diagram,
  title = {A Software Tool for Learning Syntax},
  publisher = {Technical University of Denmark, Informatics and Mathematical Modelling},
  year = {2011},
  author = {Andreas Leon Aagaard Moth},
}

@article{bnf,
  author = {J. S. Rohl},
  title = {A note on Backus Naur form},
  journal = {The Computer Journal},
  year = {1968},
  volume = {10},
  pages = {334-341},
  number = {4},
}

@misc{qt,
    author= "The Qt Company",	
    title = "{QT 5}",
    howpublished = "\burl{https://doc.qt.io/qt-5/qt5-intro.html}",
    note="{{Consultado el \specialdate\today}}" 
}


@book{ANTLR,
  title = {The Definitive ANTLR 4 Reference},
  publisher = {Pragmatic Bookshelf},
  year = {2013},
  author = {Terence Parr},
}

@book{lazar2018mastering,
  title={Mastering Qt 5: Create stunning cross-platform applications using C++ with Qt Widgets and QML with Qt Quick},
  author={Lazar, Guillaume and Penea, Robin},
  year={2018},
  publisher={Packt Publishing Ltd}
}

@book{railwayinfo,
    author = {Michael L. Scott},
    title = {Programming Language Pragmatics},
    year = {2000}
}


@book{c++,
    author = {Stanley B. Lippman, Josée Lajoie, y Barbara E. Moo},
    title = {"C++ Primer"},
    publisher = {Addison-Wesley Professional},
    year = {2012}
}




@misc{lexico,
    author= "Unidentified",	
    title = "{Análisis léxico}",
    howpublished = "\burl{https://docs.python.org/es/3/reference/lexical_analysis.html}",
    note="{{Consultado el \specialdate\today}}" 
}

@misc{sintaxis,
    author= "Arrlex",	
    title = "{Guía Completa sobre la Sintaxis en Programación: Aprende y Domina}",
    howpublished = "\burl{https://arrlex.com/que-es-sintaxis-en-programacion/}",
    note="{{Consultado el \specialdate\today}}" 
}


@misc{railway,
    author= "Guntther Rademacher",	
    title = "{	Railroad Diagram Generator}",
    howpublished = "\burl{https://rr.red-dove.com/ui}",
    note="{{Consultado el \specialdate\today}}" 
}

@misc{sql,
    author= "Tihomir Babic",	
    title = "{Sintaxis SQL}",
    howpublished = "\burl{https://learnsql.es/blog/sintaxis-sql/}",
    note="{{Consultado el \specialdate\today}}" 
}

