% Notas Imporantes:
% Poner una diagonal investida antes de los siguientes caracteres: #, $, %, ^, &, {, }, ~, [, ], <, >, _
% Caso Particuloar: Diagonal Invertida (\) sustituit por (\textbackslash) y dejar un espacio
% Ver enlace:


% PÁGINA WEB [1] %%%%%
@Misc{Grafos,
        author="Graph Everywhere",
	title = "{Grafos | Qué son, tipos, orden y herramientas de visualización}",
	howpublished = "\burl{https://www.grapheverywhere.com/grafos-que-son-tipos-orden-y-herramientas-de-visualizacion/}",    
    note="{{Consultado el \specialdate\today}}" 
}

% PÁGINA WEB [2] %%%%%
@Misc{V&A,
	author= "Blogspot",	
    title = "{{5.1 ELEMENTOS, CARACTERÍSTICAS Y COMPONENTES DE LOS GRAFOS.}}",
	howpublished = "\burl{https://conjuntos-y-relaciones.blogspot.com/2017/11/51-elementos-caracteristicas-y_20.html}",
    note="{{Consultado el \specialdate\today}}"    
}


% PÁGINA WEB [3] %%%%%
@Misc{Qt,
	author = {ionos},
	title = {Qt: el framework en C++ para el desarrollo de software multiplataforma},
	howpublished = "\burl{https://www.ionos.mx/digitalguide/servidores/know-how/qt/}",
    note="{{Consultado el \specialdate\today}}"   
}

% PÁGINA WEB [4] %%%%%
@Misc{Adyacencias,
Author = {Fceia},
title = {{Estructura de Datos : Grafos - Fundamentos }},
howpublished = "\url{https://www.fceia.unr.edu.ar/estruc/2005/graffund.htm}",
note="Consultado el \specialdate\today",

}

% PÁGINA WEB [5] %
@Misc{FourDigitalBookScanning,
Author = {{Four Digital Books}},
howpublished = {\url{http://www.4digitalbooks.com/}},
note="Consultado el \specialdate\today",
title = {{4DigitalBooks: Bringing your books online - automatically}},
}

% Pag Web [6]
@misc{GitHub2024, author = {Daniel T.}, 
title = {cpp - iti-271154\_{}u1\_{}eq\_{}02\_{}source}, 
year = {2024}, 
url = {https://github.com/danielt0312/cpp/tree/main/iti-271154/iti-271154_u1/iti-271154_u1_eq_02/iti-271154_u1_eq_02_source}, 
note = {Accedido en Marzo, 2024} }

% LIBRO [1] %%%%%
@book{C++,
  title = {Data Structures and Algorithms in C++},
  publisher = {Pearson Education},
  year = {2011},
  author = {Michael T. Goodrich,Roberto Tamassia},
}

% LIBRO [2] %%%%%
@book{ODS,
  title = {Open Data Structures},
  publisher = {AU Press, Athabasca University},
  year = {2013},
  author = {Pat Morin},
}

% Ejemplos de Referencias a Paginas que si son necesarias (indispensables en algunos casos)


% LIBRO [3] %%%%%
@book{Graphs,
  title = {Graph Theory, 5th Edition},
  publisher = {Springer},
  year = {2017},
  author = {Reinhard Diestel},
}

% LIBRO [4] %%%%%
@book{FuncionesGraphs,
  title = {Open Data Structures},
  publisher = {AU Press, Athabasca University},
  year = {2013},
  author = {Pat Morin},
}

% LIBRO [5] %%%%%
@book{BFS&DFS,
  title = {Introduction to Algorithms - Fourth Edition},
  publisher = {Massachusetts Institute of Technology},
  year = {2022},
  author = {Thomas H. Cormen, Charles E. Leiserson, Ronald L. Rivest and Clifford Stein },
}


